<record><leader>00000cas a22000007a 4500</leader><controlfield tag="001">38046525</controlfield><controlfield tag="008">971205d19881991ncuwr ne      0    0eng d</controlfield><controlfield tag="009">13381</controlfield><datafield ind1=" " ind2=" " tag="010"><subfield code="a">sn 97064576 </subfield></datafield><datafield ind1=" " ind2=" " tag="040"><subfield code="a">NVJ</subfield><subfield code="b">eng</subfield><subfield code="c">NVJ</subfield></datafield><datafield ind1=" " ind2=" " tag="042"><subfield code="a">msc</subfield></datafield><datafield ind1="0" ind2=" " tag="130"><subfield code="a">Banner (Banner Elk, N.C.)</subfield></datafield><datafield ind1="0" ind2="4" tag="245"><subfield code="a">The banner.</subfield></datafield><datafield ind1=" " ind2=" " tag="260"><subfield code="a">Banner Elk, N.C. :</subfield><subfield code="b">Ronald Tee Johnson,</subfield></datafield><datafield ind1=" " ind2=" " tag="300"><subfield code="a">v.</subfield></datafield><datafield ind1=" " ind2=" " tag="310"><subfield code="a">Weekly,</subfield><subfield code="b">Aug. 5, 1988-Mar. 1, 1991</subfield></datafield><datafield ind1=" " ind2=" " tag="321"><subfield code="a">Monthly,</subfield><subfield code="b">Feb. 1, 1988-Mar. 3, 1988</subfield></datafield><datafield ind1=" " ind2=" " tag="321"><subfield code="a">Biweekly,</subfield><subfield code="b">Apr. 1, 1988-July 29, 1988</subfield></datafield><datafield ind1="0" ind2=" " tag="362"><subfield code="a">Vol. 1, no. 1 (Feb. 1, 1988)-v. 2, no. 16 (May 25, 1990) ; June 1, 1990-Mar. 1, 1991.</subfield></datafield><datafield ind1=" " ind2=" " tag="500"><subfield code="a">"Serving Banner Elk, Beech Mountain, Sugar Mountain, Linville, Seven Devils, Foscoe, Elk Park, Valle Crucis."</subfield></datafield><datafield ind1=" " ind2=" " tag="515"><subfield code="a">Vol. and no. dropped after May 25, 1990.</subfield></datafield><datafield ind1=" " ind2=" " tag="752"><subfield code="a">United States</subfield><subfield code="b">North Carolina</subfield><subfield code="c">Avery</subfield><subfield code="d">Banner Elk.</subfield></datafield><datafield ind1=" " ind2=" " tag="752"><subfield code="a">United States</subfield><subfield code="b">North Carolina</subfield><subfield code="c">Watauga</subfield><subfield code="d">Beech Mountain.</subfield></datafield><datafield ind1=" " ind2=" " tag="752"><subfield code="a">United States</subfield><subfield code="b">North Carolina</subfield><subfield code="c">Avery</subfield><subfield code="d">Sugar Mountain.</subfield></datafield><datafield ind1=" " ind2=" " tag="752"><subfield code="a">United States</subfield><subfield code="b">North Carolina</subfield><subfield code="c">Avery</subfield><subfield code="d">Linville.</subfield></datafield><datafield ind1=" " ind2=" " tag="752"><subfield code="a">United States</subfield><subfield code="b">North Carolina</subfield><subfield code="c">Avery</subfield><subfield code="d">Seven Devils.</subfield></datafield><datafield ind1=" " ind2=" " tag="752"><subfield code="a">United States</subfield><subfield code="b">North Carolina</subfield><subfield code="c">Watauga</subfield><subfield code="d">Foscoe.</subfield></datafield><datafield ind1=" " ind2=" " tag="752"><subfield code="a">United States</subfield><subfield code="b">North Carolina</subfield><subfield code="c">Avery</subfield><subfield code="d">Elk Park.</subfield></datafield><datafield ind1=" " ind2=" " tag="752"><subfield code="a">United States</subfield><subfield code="b">North Carolina</subfield><subfield code="c">Watauga</subfield><subfield code="d">Valle Crucis.</subfield></datafield><datafield ind1="0" ind2="0" tag="785"><subfield code="t">Banner of Avery</subfield><subfield code="w">(DLC)sn 97064577</subfield></datafield></record>